<?xml version="1.0" encoding="UTF-8"?><record xmlns="http://www.loc.gov/MARC21/slim" xmlns:cinclude="http://apache.org/cocoon/include/1.0" xmlns:zs="http://www.loc.gov/zing/srw/">
  <leader>00459cz  a2200133n  4500</leader>
  <controlfield tag="001">n  90666029 </controlfield>
  <controlfield tag="003">DLC</controlfield>
  <controlfield tag="005">19900709112811.7</controlfield>
  <controlfield tag="008">900706n| acannaab|          |n aac |||  </controlfield>
  <datafield tag="010" ind1=" " ind2=" ">
    <subfield code="a">n  90666029 </subfield>
  </datafield>
  <datafield tag="040" ind1=" " ind2=" ">
    <subfield code="a">DLC</subfield>
    <subfield code="c">DLC</subfield>
    <subfield code="d">DLC</subfield>
  </datafield>
  <datafield tag="100" ind1="1" ind2="0">
    <subfield code="a">Komlós, Aladár</subfield>
  </datafield>
  <datafield tag="670" ind1=" " ind2=" ">
    <subfield code="a">nuc90-19840: His A magyar költészet Petőfitől Adyig, 1980</subfield>
    <subfield code="b">(hdg. on CLU rept.: Komlós, Aladár; usage: Komlós Aladár)</subfield>
  </datafield>
  <datafield tag="670" ind1=" " ind2=" ">
    <subfield code="a">LC data base, 07-06-90</subfield>
    <subfield code="b">(hdg.: Komlós, Aladár)</subfield>
  </datafield>
</record>